
@inproceedings{behrisch_route_2018,
	title = {Route estimation based on network flow maximization},
	volume = {2},
	url = {https://easychair.org/publications/paper/r6Q6},
	doi = {10.29007/rjj7},
	eventtitle = {{SUMO} 2018- Simulating Autonomous and Intermodal Transport Systems},
	pages = {173--182},
	booktitle = {{EPiC} Series in Engineering},
	publisher = {{EasyChair}},
	author = {Behrisch, Michael and Erdmann, Jakob},
	urldate = {2020-05-20},
	date = {2018-06-25},
	langid = {american},
	note = {{ISSN}: 2516-2330},
	file = {Full Text PDF:C\:\\Users\\Francisco Cruz\\Zotero\\storage\\BRUXVAFI\\Behrisch y Erdmann - 2018 - Route estimation based on network flow maximizatio.pdf:application/pdf;Snapshot:C\:\\Users\\Francisco Cruz\\Zotero\\storage\\7ECYRD7C\\r6Q6.html:text/html}
}